<record><leader>00000cas a2200000 a 4500</leader><controlfield tag="001">35027491</controlfield><controlfield tag="008">960703d18871897miucr ne      0    0eng c</controlfield><datafield ind1=" " ind2=" " tag="010"><subfield code="a">sn 96076783 </subfield></datafield><datafield ind1=" " ind2=" " tag="040"><subfield code="a">MHN</subfield><subfield code="b">eng</subfield><subfield code="c">MHN</subfield><subfield code="d">OCL</subfield><subfield code="d">OCLCQ</subfield><subfield code="d">OCLCF</subfield><subfield code="d">OCLCO</subfield></datafield><datafield ind1="1" ind2=" " tag="029"><subfield code="a">AU@</subfield><subfield code="b">000012679571</subfield></datafield><datafield ind1=" " ind2=" " tag="042"><subfield code="a">pcc</subfield></datafield><datafield ind1=" " ind2=" " tag="043"><subfield code="a">n-us-mi</subfield></datafield><datafield ind1="0" ind2=" " tag="130"><subfield code="a">Coldwater Republican (Coldwater, Mich. : 1887)</subfield></datafield><datafield ind1="1" ind2="4" tag="245"><subfield code="a">The Coldwater Republican.</subfield></datafield><datafield ind1="1" ind2="3" tag="246"><subfield code="a">Republican</subfield></datafield><datafield ind1="3" ind2=" " tag="246"><subfield code="a">Semi-weekly Republican</subfield></datafield><datafield ind1=" " ind2=" " tag="260"><subfield code="a">Coldwater, Mich. :</subfield><subfield code="b">[s.n.]</subfield></datafield><datafield ind1=" " ind2=" " tag="300"><subfield code="a">v.</subfield></datafield><datafield ind1=" " ind2=" " tag="310"><subfield code="a">Semiweekly</subfield></datafield><datafield ind1="0" ind2=" " tag="362"><subfield code="a">Vol. 12, no. 49 (Jan. 18, 1887) = whole no. 1197- ; -45th yr., no. 51 (Jan. 24, 1896) ; 30th yr., no. 52 (Jan. 28, 1896)-31st yr., no. 67 (Mar. 23, 1897).</subfield></datafield><datafield ind1=" " ind2=" " tag="515"><subfield code="a">Issues also called: Vol. 12, no. 49 (Jan. 18, 1887) = whole no. 1197-&lt;v. 21, no. 47 (Jan. 10, 1897) = whole no. 2136&gt; ; &lt;45th yr., no. 49 (Jan. 17, 1896)&gt;-45th yr., no. 51 (Jan. 24, 1896) ; 30th yr., no. 52 (Jan. 28, 1896)-31st yr., no. 67 (Mar. 23, 1897).</subfield></datafield><datafield ind1=" " ind2=" " tag="580"><subfield code="a">Merged with: Weekly courier (Coldwater, Mich.), to form: Courier and Republican (Coldwater, Mich. : 1897).</subfield></datafield><datafield ind1=" " ind2="0" tag="651"><subfield code="a">Coldwater (Mich.)</subfield><subfield code="v">Newspapers.</subfield></datafield><datafield ind1=" " ind2="0" tag="651"><subfield code="a">Branch County (Mich.)</subfield><subfield code="v">Newspapers.</subfield></datafield><datafield ind1=" " ind2="7" tag="655"><subfield code="a">Newspapers.</subfield><subfield code="2">fast</subfield><subfield code="0">(OCoLC)fst01423814</subfield></datafield><datafield ind1=" " ind2="7" tag="651"><subfield code="a">Michigan</subfield><subfield code="z">Branch County.</subfield><subfield code="2">fast</subfield><subfield code="0">(OCoLC)fst01214762</subfield></datafield><datafield ind1=" " ind2="7" tag="651"><subfield code="a">Michigan</subfield><subfield code="z">Coldwater.</subfield><subfield code="2">fast</subfield><subfield code="0">(OCoLC)fst01217192</subfield></datafield><datafield ind1=" " ind2=" " tag="752"><subfield code="a">United States</subfield><subfield code="b">Michigan</subfield><subfield code="c">Branch</subfield><subfield code="d">Coldwater.</subfield></datafield><datafield ind1="0" ind2="0" tag="780"><subfield code="t">Coldwater semi-weekly Republican</subfield><subfield code="w">(DLC)sn 96076782</subfield><subfield code="w">(OCoLC)35026447</subfield></datafield><datafield ind1="1" ind2="7" tag="785"><subfield code="t">Weekly courier (Coldwater, Mich.)</subfield><subfield code="w">(DLC)sn 96076788</subfield><subfield code="w">(OCoLC)35031591</subfield></datafield><datafield ind1="1" ind2="7" tag="785"><subfield code="t">Courier and Republican (Coldwater, Mich. : 1897)</subfield><subfield code="w">(DLC)sn 96076781</subfield><subfield code="w">(OCoLC)35027593</subfield></datafield></record>